<record><leader>00000cas a22000007a 4500</leader><controlfield tag="001">13365348</controlfield><controlfield tag="008">860331d18601865paudn ne      0    0ger d</controlfield><datafield ind1=" " ind2=" " tag="010"><subfield code="a">sn 86081236 </subfield></datafield><datafield ind1=" " ind2=" " tag="040"><subfield code="a">NPH</subfield><subfield code="b">eng</subfield><subfield code="c">NPH</subfield><subfield code="d">YOX</subfield><subfield code="d">OBN</subfield><subfield code="d">OCL</subfield><subfield code="d">OCLCQ</subfield><subfield code="d">OCLCF</subfield><subfield code="d">OCLCO</subfield></datafield><datafield ind1="1" ind2=" " tag="029"><subfield code="a">AU@</subfield><subfield code="b">000020236483</subfield></datafield><datafield ind1=" " ind2=" " tag="042"><subfield code="a">msc</subfield></datafield><datafield ind1=" " ind2=" " tag="043"><subfield code="a">n-us-pa</subfield></datafield><datafield ind1="0" ind2=" " tag="130"><subfield code="a">Freiheits freund und Pittsburger courier (Pittsburgh, Pa. : Daily)</subfield></datafield><datafield ind1="1" ind2="0" tag="245"><subfield code="a">Freiheits freund und Pittsburger courier.</subfield></datafield><datafield ind1="3" ind2=" " tag="246"><subfield code="a">Freiheits-freund und courier</subfield></datafield><datafield ind1="3" ind2=" " tag="246"><subfield code="a">Freedoms-friend and courier</subfield></datafield><datafield ind1=" " ind2=" " tag="260"><subfield code="a">Pittsburg [Pa.] :</subfield><subfield code="b">Neeb, Bauer &amp; Co.,</subfield><subfield code="c">1860-1865.</subfield></datafield><datafield ind1=" " ind2=" " tag="300"><subfield code="a">v.</subfield></datafield><datafield ind1=" " ind2=" " tag="310"><subfield code="a">Daily (except Sunday)</subfield></datafield><datafield ind1="0" ind2=" " tag="362"><subfield code="a">Okt. 1, 1860-Nov. 23, 1865.</subfield></datafield><datafield ind1=" " ind2=" " tag="515"><subfield code="a">Also called: Jahrg. 13-19.</subfield></datafield><datafield ind1=" " ind2=" " tag="546"><subfield code="a">In German.</subfield></datafield><datafield ind1=" " ind2=" " tag="580"><subfield code="a">Also published in a weekly edition called: Freiheits Freund und Pittsburger Courier (Pittsburgh, Pa. : Weekly).</subfield></datafield><datafield ind1=" " ind2=" " tag="580"><subfield code="a">Formed by the union of: Freiheits Freund (Pittsburgh, Pa. : 1853) and: Pittsburger Courier (Pittsburgh, Pa. : Daily) (non-extant).</subfield></datafield><datafield ind1=" " ind2="0" tag="650"><subfield code="a">Germans</subfield><subfield code="z">Pennsylvania</subfield><subfield code="v">Newspapers.</subfield></datafield><datafield ind1=" " ind2="0" tag="650"><subfield code="a">German Americans</subfield><subfield code="z">Pennsylvania</subfield><subfield code="v">Newspapers.</subfield></datafield><datafield ind1=" " ind2="0" tag="651"><subfield code="a">Pittsburgh (Pa.)</subfield><subfield code="v">Newspapers.</subfield></datafield><datafield ind1=" " ind2="0" tag="651"><subfield code="a">Allegheny County (Pa.)</subfield><subfield code="v">Newspapers.</subfield></datafield><datafield ind1=" " ind2="7" tag="655"><subfield code="a">Newspapers.</subfield><subfield code="2">fast</subfield><subfield code="0">(OCoLC)fst01423814</subfield></datafield><datafield ind1=" " ind2="7" tag="650"><subfield code="a">German Americans.</subfield><subfield code="2">fast</subfield><subfield code="0">(OCoLC)fst00941308</subfield></datafield><datafield ind1=" " ind2="7" tag="650"><subfield code="a">Germans.</subfield><subfield code="2">fast</subfield><subfield code="0">(OCoLC)fst00942100</subfield></datafield><datafield ind1=" " ind2="7" tag="651"><subfield code="a">Pennsylvania.</subfield><subfield code="2">fast</subfield><subfield code="0">(OCoLC)fst01204598</subfield></datafield><datafield ind1=" " ind2="7" tag="651"><subfield code="a">Pennsylvania</subfield><subfield code="z">Allegheny County.</subfield><subfield code="2">fast</subfield><subfield code="0">(OCoLC)fst01209250</subfield></datafield><datafield ind1=" " ind2="7" tag="651"><subfield code="a">Pennsylvania</subfield><subfield code="z">Pittsburgh.</subfield><subfield code="2">fast</subfield><subfield code="0">(OCoLC)fst01205171</subfield></datafield><datafield ind1=" " ind2=" " tag="752"><subfield code="a">United States</subfield><subfield code="b">Pennsylvania</subfield><subfield code="c">Allegheny</subfield><subfield code="d">Pittsburgh.</subfield></datafield><datafield ind1="1" ind2=" " tag="775"><subfield code="t">Freiheits freund und Pittsburger courier (Pittsburgh, Pa. : Weekly)</subfield><subfield code="w">(DLC)sn 85055006</subfield></datafield><datafield ind1="0" ind2="4" tag="780"><subfield code="t">Freiheits freund (Pittsburgh, Pa. : 1853)</subfield><subfield code="w">(DLC)sn 86081235</subfield></datafield><datafield ind1="0" ind2="4" tag="780"><subfield code="t">Pittsburger courier (Pittsburgh, Pa. : Daily)</subfield></datafield><datafield ind1="0" ind2="0" tag="785"><subfield code="t">Freiheits-freund (Pittsburgh, Pa. : 1865)</subfield><subfield code="w">(DLC)sn 84026400</subfield></datafield></record>